<?xml version="1.0" encoding="UTF-8"?><collection xmlns="http://www.loc.gov/MARC21/slim"><record><leader>00558nam--2200181-u-4500</leader><controlfield tag="001">000053616</controlfield><controlfield tag="002">20161230</controlfield><controlfield tag="005">20161230201051</controlfield><controlfield tag="008">110509s1000------------r-----000-0-eng-d</controlfield><datafield ind1=" " ind2=" " tag="020"><subfield code="a">0114800421</subfield></datafield><datafield ind1=" " ind2=" " tag="040"><subfield code="a">IFIN-HH</subfield></datafield><datafield ind1=" " ind2=" " tag="080"><subfield code="a">536.5(08)</subfield></datafield><datafield ind1="1" ind2=" " tag="110"><subfield code="a">National Physical Laboratory</subfield></datafield><datafield ind1="1" ind2="0" tag="245"><subfield code="a">The international practical temperature scale of 1968</subfield><subfield code="b">Amended edition of 1975; english version of the official french text</subfield></datafield><datafield ind1=" " ind2=" " tag="260"><subfield code="a">London</subfield><subfield code="b">Her Majesty'S Stationery Office</subfield><subfield code="c">1976</subfield></datafield><datafield ind1=" " ind2=" " tag="300"><subfield code="a">29P</subfield></datafield><datafield ind1=" " ind2=" " tag="852"><subfield code="a">43617</subfield><subfield code="c">536</subfield></datafield><datafield ind1=" " ind2=" " tag="CAT"><subfield code="a">Sys</subfield><subfield code="c">20110509</subfield><subfield code="h">154840</subfield></datafield></record></collection>